
    <zs:record>
      <zs:recordPacking>xml</zs:recordPacking>
      <zs:recordData>
        <record xmlns="http://www.loc.gov/MARC21/slim">
          <leader>00421nz a2200109 4500</leader>
          <controlfield tag="001">30077279</controlfield>
          <controlfield tag="003">RISM</controlfield>
          <controlfield tag="005">20121108</controlfield>
          <controlfield tag="008">121108n||az|||||||##########||||||||||||</controlfield>
          <datafield tag="043" ind1=" " ind2=" ">
            <subfield code="c">United Kingdom</subfield>
          </datafield>
          <datafield tag="110" ind1="2" ind2=" ">
            <subfield code="a">West Sussex Record Office</subfield>
            <subfield code="c">Chichester</subfield>
            <subfield code="g">GB-CHwsro</subfield>
          </datafield>
          <datafield tag="622" ind1=" " ind2=" ">
            <subfield code="e">West Sussex Record Office, 3 Orchard Street, Chichester PO19 1DD, United
              Kingdom</subfield>
            <subfield code="u"
              >http://www.westsussex.gov.uk/leisure/explore_west_sussex/record_office_and_archives.aspx</subfield>
          </datafield>
          <idzebra xmlns="http://www.indexdata.dk/zebra/">
            <size>421</size>
            <score>652</score>
            <localnumber>829494</localnumber>
            <filename>sigla/sigla.mrc</filename>
          </idzebra>
        </record>
      </zs:recordData>
      <zs:recordPosition>3</zs:recordPosition>
    </zs:record>