
    <zs:record>
      <zs:recordPacking>xml</zs:recordPacking>
      <zs:recordData>
        <record xmlns="http://www.loc.gov/MARC21/slim">
          <leader>00751nz a2200157 4500</leader>
          <controlfield tag="001">30001520</controlfield>
          <controlfield tag="003">RISM</controlfield>
          <controlfield tag="005">20121108</controlfield>
          <controlfield tag="008">121108n||az|||||||##########||||||||||||</controlfield>
          <datafield tag="043" ind1=" " ind2=" ">
            <subfield code="c">United Kingdom</subfield>
          </datafield>
          <datafield tag="110" ind1="2" ind2=" ">
            <subfield code="a">Special Collections, Main Library, University of Birmingham</subfield>
            <subfield code="c">Birmingham</subfield>
            <subfield code="g">GB-Bu</subfield>
          </datafield>
          <datafield tag="410" ind1="2" ind2=" ">
            <subfield code="a">Barber Music Library, Barber Institute of Fine Arts, University of Birmingham</subfield>
          </datafield>
          <datafield tag="410" ind1="2" ind2=" ">
            <subfield code="a">University Library</subfield>
          </datafield>
          <datafield tag="622" ind1=" " ind2=" ">
            <subfield code="e">Special Collections, Main Library,, University of Birmingham, Edgbaston, Birmingham B15
              2TT, United Kingdom</subfield>
            <subfield code="u">http://www.library.bham.ac.uk/using/libraries/mainlibrary.shtml</subfield>
          </datafield>
          <datafield tag="680" ind1="2" ind2=" ">
            <subfield code="i">Music sources dating before 1850 are on deposit at the main library. Material dating
              after 1850 is on deposit at the music library.</subfield>
          </datafield>
          <datafield tag="670" ind1="2" ind2=" ">
            <subfield code="a">167</subfield>
          </datafield>
          <idzebra xmlns="http://www.indexdata.dk/zebra/">
            <size>751</size>
            <score>652</score>
            <localnumber>830647</localnumber>
            <filename>sigla/sigla.mrc</filename>
          </idzebra>
        </record>
      </zs:recordData>
      <zs:recordPosition>39</zs:recordPosition>
    </zs:record>