
    <zs:record>
      <zs:recordPacking>xml</zs:recordPacking>
      <zs:recordData>
        <record xmlns="http://www.loc.gov/MARC21/slim">
          <leader>00428nz a2200109 4500</leader>
          <controlfield tag="001">30001590</controlfield>
          <controlfield tag="003">RISM</controlfield>
          <controlfield tag="005">20121108</controlfield>
          <controlfield tag="008">121108n||az|||||||##########||||||||||||</controlfield>
          <datafield tag="043" ind1=" " ind2=" ">
            <subfield code="c">United Kingdom</subfield>
          </datafield>
          <datafield tag="110" ind1="2" ind2=" ">
            <subfield code="a">Maughan Library, King's College, University of London</subfield>
            <subfield code="c">London</subfield>
            <subfield code="g">GB-Lkc</subfield>
          </datafield>
          <datafield tag="622" ind1=" " ind2=" ">
            <subfield code="e">Maughan Library, King's College,, University of London, Chancery Lane, London WC2A 1LR,
              United Kingdom</subfield>
            <subfield code="u">http://www.kcl.ac.uk/library/libraries/maughan.aspx</subfield>
          </datafield>
          <idzebra xmlns="http://www.indexdata.dk/zebra/">
            <size>428</size>
            <score>652</score>
            <localnumber>831718</localnumber>
            <filename>sigla/sigla.mrc</filename>
          </idzebra>
        </record>
      </zs:recordData>
      <zs:recordPosition>139</zs:recordPosition>
    </zs:record>