
    <zs:record>
      <zs:recordPacking>xml</zs:recordPacking>
      <zs:recordData>
        <record xmlns="http://www.loc.gov/MARC21/slim">
          <leader>00427nz a2200133 4500</leader>
          <controlfield tag="001">30006620</controlfield>
          <controlfield tag="003">RISM</controlfield>
          <controlfield tag="005">20121108</controlfield>
          <controlfield tag="008">121108n||az|||||||##########||||||||||||</controlfield>
          <datafield tag="043" ind1=" " ind2=" ">
            <subfield code="c">United Kingdom</subfield>
          </datafield>
          <datafield tag="110" ind1="2" ind2=" ">
            <subfield code="a">Ayrshire Archives</subfield>
            <subfield code="c">Ayr</subfield>
            <subfield code="g">GB-AYRac</subfield>
          </datafield>
          <datafield tag="622" ind1=" " ind2=" ">
            <subfield code="e">Ayrshire Archives, SAC Auchincruive, Watson Peat, Ayr KA6 5HW, Scotland, United
              Kingdom</subfield>
            <subfield code="u">http://www.ayrshirearchives.org.uk/default.asp</subfield>
          </datafield>
          <datafield tag="670" ind1="2" ind2=" ">
            <subfield code="a">1</subfield>
          </datafield>
          <datafield tag="852" ind1="2" ind2=" ">
            <subfield code="b">55.4635688, -4.6331874</subfield>
          </datafield>
          <idzebra xmlns="http://www.indexdata.dk/zebra/">
            <size>427</size>
            <score>652</score>
            <localnumber>832386</localnumber>
            <filename>sigla/sigla.mrc</filename>
          </idzebra>
        </record>
      </zs:recordData>
      <zs:recordPosition>164</zs:recordPosition>
    </zs:record>