
    <zs:record>
      <zs:recordPacking>xml</zs:recordPacking>
      <zs:recordData>
        <record xmlns="http://www.loc.gov/MARC21/slim">
          <leader>00532nz a2200157 4500</leader>
          <controlfield tag="001">30006626</controlfield>
          <controlfield tag="003">RISM</controlfield>
          <controlfield tag="005">20121108</controlfield>
          <controlfield tag="008">121108n||az|||||||##########||||||||||||</controlfield>
          <datafield tag="043" ind1=" " ind2=" ">
            <subfield code="c">United Kingdom</subfield>
          </datafield>
          <datafield tag="110" ind1="2" ind2=" ">
            <subfield code="a">Wiltshire and Swindon History Centre</subfield>
            <subfield code="c">Chippenham</subfield>
            <subfield code="g">GB-CHIhc</subfield>
          </datafield>
          <datafield tag="410" ind1="2" ind2=" ">
            <subfield code="a">Wiltshire and Swindon Record Office</subfield>
          </datafield>
          <datafield tag="510" ind1="2" ind2=" ">
            <subfield code="a">Wiltshire and Swindon Record Office</subfield>
          </datafield>
          <datafield tag="622" ind1=" " ind2=" ">
            <subfield code="e">Wiltshire and Swindon History Centre, Cocklebury Road, Chippenham SN15 3QN, United
              Kingdom</subfield>
            <subfield code="u">http://www.wshc.eu/</subfield>
          </datafield>
          <datafield tag="670" ind1="2" ind2=" ">
            <subfield code="a">81</subfield>
          </datafield>
          <datafield tag="852" ind1="2" ind2=" ">
            <subfield code="b">51.463747, -2.110596</subfield>
          </datafield>
          <idzebra xmlns="http://www.indexdata.dk/zebra/">
            <size>532</size>
            <score>652</score>
            <localnumber>832389</localnumber>
            <filename>sigla/sigla.mrc</filename>
          </idzebra>
        </record>
      </zs:recordData>
      <zs:recordPosition>167</zs:recordPosition>
    </zs:record>