
    <zs:record>
      <zs:recordPacking>xml</zs:recordPacking>
      <zs:recordData>
        <record xmlns="http://www.loc.gov/MARC21/slim">
          <leader>00593nz a2200133 4500</leader>
          <controlfield tag="001">30001545</controlfield>
          <controlfield tag="003">RISM</controlfield>
          <controlfield tag="005">20121108</controlfield>
          <controlfield tag="008">121108n||az|||||||##########||||||||||||</controlfield>
          <datafield tag="043" ind1=" " ind2=" ">
            <subfield code="c">United Kingdom</subfield>
          </datafield>
          <datafield tag="110" ind1="2" ind2=" ">
            <subfield code="a">Pendlebury Library of Music, Faculty of Music, University of Cambridge</subfield>
            <subfield code="c">Cambridge</subfield>
            <subfield code="g">GB-Cpl</subfield>
          </datafield>
          <datafield tag="622" ind1=" " ind2=" ">
            <subfield code="e">Pendlebury Library of Music, Faculty of, Music, University of Cambridge, 11 West Road,
              Cambridge CB3 9DP, United Kingdom</subfield>
            <subfield code="u">http://www.mus.cam.ac.uk/</subfield>
          </datafield>
          <datafield tag="680" ind1="2" ind2=" ">
            <subfield code="i">Die Musikhandschriften befinden sich in GB-Cu. Nur frühe Musikdrucke befinden sich noch
              in GB-Cpl.</subfield>
          </datafield>
          <datafield tag="852" ind1="2" ind2=" ">
            <subfield code="b">52.2027405, 0.1082563</subfield>
          </datafield>
          <idzebra xmlns="http://www.indexdata.dk/zebra/">
            <size>593</size>
            <score>652</score>
            <localnumber>833019</localnumber>
            <filename>sigla/sigla.mrc</filename>
          </idzebra>
        </record>
      </zs:recordData>
      <zs:recordPosition>186</zs:recordPosition>
    </zs:record>