
    <zs:record>
      <zs:recordPacking>xml</zs:recordPacking>
      <zs:recordData>
        <record xmlns="http://www.loc.gov/MARC21/slim">
          <leader>00447nz a2200133 4500</leader>
          <controlfield tag="001">30001597</controlfield>
          <controlfield tag="003">RISM</controlfield>
          <controlfield tag="005">20121108</controlfield>
          <controlfield tag="008">121108n||az|||||||##########||||||||||||</controlfield>
          <datafield tag="043" ind1=" " ind2=" ">
            <subfield code="c">United Kingdom</subfield>
          </datafield>
          <datafield tag="110" ind1="2" ind2=" ">
            <subfield code="a">Minet Library</subfield>
            <subfield code="c">London</subfield>
            <subfield code="g">GB-Lmt</subfield>
          </datafield>
          <datafield tag="622" ind1=" " ind2=" ">
            <subfield code="e">Minet Library, 52 Knatchbull Road, London SE5 9QY, United Kingdom</subfield>
            <subfield code="u"
              >http://www.lambeth.gov.uk/Services/LeisureCulture/Libraries/LocalLibraries/MinetLibrary.htm</subfield>
          </datafield>
          <datafield tag="670" ind1="2" ind2=" ">
            <subfield code="a">3</subfield>
          </datafield>
          <datafield tag="852" ind1="2" ind2=" ">
            <subfield code="b">51.4713483, -0.1049103</subfield>
          </datafield>
          <idzebra xmlns="http://www.indexdata.dk/zebra/">
            <size>447</size>
            <score>652</score>
            <localnumber>834262</localnumber>
            <filename>sigla/sigla.mrc</filename>
          </idzebra>
        </record>
      </zs:recordData>
      <zs:recordPosition>210</zs:recordPosition>
    </zs:record>