
    <zs:record>
      <zs:recordPacking>xml</zs:recordPacking>
      <zs:recordData>
        <record xmlns="http://www.loc.gov/MARC21/slim">
          <leader>00483nz a2200133 4500</leader>
          <controlfield tag="001">30070407</controlfield>
          <controlfield tag="003">RISM</controlfield>
          <controlfield tag="005">20121108</controlfield>
          <controlfield tag="008">121108n||az|||||||##########||||||||||||</controlfield>
          <datafield tag="043" ind1=" " ind2=" ">
            <subfield code="c">United Kingdom</subfield>
          </datafield>
          <datafield tag="110" ind1="2" ind2=" ">
            <subfield code="a">Hammersmith and Fulham Archives and Local History Centre</subfield>
            <subfield code="c">London</subfield>
            <subfield code="g">GB-Llbhf</subfield>
          </datafield>
          <datafield tag="622" ind1=" " ind2=" ">
            <subfield code="e">Hammersmith and Fulham Archives and, Local History Centre, The Lilla Huset, 191 Talgarth
              Road, London W6 8BJ, United Kingdom</subfield>
            <subfield code="u">http://www.lbhf.gov.uk</subfield>
          </datafield>
          <datafield tag="670" ind1="2" ind2=" ">
            <subfield code="a">37</subfield>
          </datafield>
          <datafield tag="852" ind1="2" ind2=" ">
            <subfield code="b">51.4911432, -0.221101</subfield>
          </datafield>
          <idzebra xmlns="http://www.indexdata.dk/zebra/">
            <size>483</size>
            <score>652</score>
            <localnumber>834446</localnumber>
            <filename>sigla/sigla.mrc</filename>
          </idzebra>
        </record>
      </zs:recordData>
      <zs:recordPosition>216</zs:recordPosition>
    </zs:record>