
    <zs:record>
      <zs:recordPacking>xml</zs:recordPacking>
      <zs:recordData>
        <record xmlns="http://www.loc.gov/MARC21/slim">
          <leader>00289nz a2200097 4500</leader>
          <controlfield tag="001">30070459</controlfield>
          <controlfield tag="003">RISM</controlfield>
          <controlfield tag="005">20121108</controlfield>
          <controlfield tag="008">121108n||az|||||||##########||||||||||||</controlfield>
          <datafield tag="043" ind1=" " ind2=" ">
            <subfield code="c">United Kingdom</subfield>
          </datafield>
          <datafield tag="110" ind1="2" ind2=" ">
            <subfield code="a">Private collection Prof. Marshall Stoneham &lt;Dorchester-on-Thames&gt;</subfield>
            <subfield code="c">Dorchester-on-Thames</subfield>
            <subfield code="g">GB-DOTstoneham</subfield>
          </datafield>
          <idzebra xmlns="http://www.indexdata.dk/zebra/">
            <size>289</size>
            <score>652</score>
            <localnumber>834544</localnumber>
            <filename>sigla/sigla.mrc</filename>
          </idzebra>
        </record>
      </zs:recordData>
      <zs:recordPosition>220</zs:recordPosition>
    </zs:record>