
    <zs:record>
      <zs:recordPacking>xml</zs:recordPacking>
      <zs:recordData>
        <record xmlns="http://www.loc.gov/MARC21/slim">
          <leader>00318nz a2200097 4500</leader>
          <controlfield tag="001">30076079</controlfield>
          <controlfield tag="003">RISM</controlfield>
          <controlfield tag="005">20121108</controlfield>
          <controlfield tag="008">121108n||az|||||||##########||||||||||||</controlfield>
          <datafield tag="110" ind1="2" ind2=" ">
            <subfield code="a">Guildhall School of Music &amp; Drama</subfield>
            <subfield code="c">London</subfield>
            <subfield code="g">GB-Lgs</subfield>
          </datafield>
          <datafield tag="622" ind1=" " ind2=" ">
            <subfield code="e">Guildhall School of Music &amp; Drama, Silk Street / Barbican, London EC2Y 8DT</subfield>
            <subfield code="u">http://www.gsmd.ac.uk</subfield>
          </datafield>
          <idzebra xmlns="http://www.indexdata.dk/zebra/">
            <size>318</size>
            <score>652</score>
            <localnumber>834679</localnumber>
            <filename>sigla/sigla.mrc</filename>
          </idzebra>
        </record>
      </zs:recordData>
      <zs:recordPosition>222</zs:recordPosition>
    </zs:record>