
    <zs:record>
      <zs:recordPacking>xml</zs:recordPacking>
      <zs:recordData>
        <record xmlns="http://www.loc.gov/MARC21/slim">
          <leader>00519nz a2200133 4500</leader>
          <controlfield tag="001">30076042</controlfield>
          <controlfield tag="003">RISM</controlfield>
          <controlfield tag="005">20121108</controlfield>
          <controlfield tag="008">121108n||az|||||||##########||||||||||||</controlfield>
          <datafield tag="043" ind1=" " ind2=" ">
            <subfield code="c">United Kingdom</subfield>
          </datafield>
          <datafield tag="110" ind1="2" ind2=" ">
            <subfield code="a">Woodhorn, Northumberland Museum and Archives</subfield>
            <subfield code="c">Ashington</subfield>
            <subfield code="g">GB-AS</subfield>
          </datafield>
          <datafield tag="510" ind1="2" ind2=" ">
            <subfield code="a">Northumberland Record Office</subfield>
          </datafield>
          <datafield tag="622" ind1=" " ind2=" ">
            <subfield code="e">Woodhorn, Northumberland Museum and, Archives, Queen Elizabeth II Country Park, GB - NE63
              9YF Ashington, (Northumberland)</subfield>
            <subfield code="u">http://www.experiencewoodhorn.com/archive.htm</subfield>
          </datafield>
          <datafield tag="852" ind1="2" ind2=" ">
            <subfield code="b">40.8917519, -76.7974653</subfield>
          </datafield>
          <idzebra xmlns="http://www.indexdata.dk/zebra/">
            <size>519</size>
            <score>652</score>
            <localnumber>834815</localnumber>
            <filename>sigla/sigla.mrc</filename>
          </idzebra>
        </record>
      </zs:recordData>
      <zs:recordPosition>225</zs:recordPosition>
    </zs:record>