
    <zs:record>
      <zs:recordPacking>xml</zs:recordPacking>
      <zs:recordData>
        <record xmlns="http://www.loc.gov/MARC21/slim">
          <leader>00471nz a2200121 4500</leader>
          <controlfield tag="001">30077206</controlfield>
          <controlfield tag="003">RISM</controlfield>
          <controlfield tag="005">20121108</controlfield>
          <controlfield tag="008">121108n||az|||||||##########||||||||||||</controlfield>
          <datafield tag="043" ind1=" " ind2=" ">
            <subfield code="c">United Kingdom</subfield>
          </datafield>
          <datafield tag="110" ind1="2" ind2=" ">
            <subfield code="a">Guildhall Library</subfield>
            <subfield code="c">London</subfield>
            <subfield code="g">GB-Lghl</subfield>
          </datafield>
          <datafield tag="622" ind1=" " ind2=" ">
            <subfield code="e">Guildhall Library, Aldermanbury, London EC2V 7HH, United Kingdom</subfield>
            <subfield code="u"
              >http://www.cityoflondon.gov.uk/Corporation/LGNL_Services/Leisure_and_culture/Libraries/City_of_London_libraries/guildhall_lib.htm</subfield>
          </datafield>
          <datafield tag="852" ind1="2" ind2=" ">
            <subfield code="b">51.5162802, -0.0929127</subfield>
          </datafield>
          <idzebra xmlns="http://www.indexdata.dk/zebra/">
            <size>471</size>
            <score>652</score>
            <localnumber>834818</localnumber>
            <filename>sigla/sigla.mrc</filename>
          </idzebra>
        </record>
      </zs:recordData>
      <zs:recordPosition>227</zs:recordPosition>
    </zs:record>