
    <zs:record>
      <zs:recordPacking>xml</zs:recordPacking>
      <zs:recordData>
        <record xmlns="http://www.loc.gov/MARC21/slim">
          <leader>00369nz a2200109 4500</leader>
          <controlfield tag="001">30076120</controlfield>
          <controlfield tag="003">RISM</controlfield>
          <controlfield tag="005">20121108</controlfield>
          <controlfield tag="008">121108n||az|||||||##########||||||||||||</controlfield>
          <datafield tag="043" ind1=" " ind2=" ">
            <subfield code="c">United Kingdom</subfield>
          </datafield>
          <datafield tag="110" ind1="2" ind2=" ">
            <subfield code="a">Library of the Minster Curch of St. Cuthburga</subfield>
            <subfield code="c">Wimborne Minster</subfield>
            <subfield code="g">GB-WBsc</subfield>
          </datafield>
          <datafield tag="622" ind1=" " ind2=" ">
            <subfield code="e">Library of the Minster Curch of St., Cuthburga, GB - Wimborne Minster, GB - Wimborne
              Minster</subfield>
          </datafield>
          <idzebra xmlns="http://www.indexdata.dk/zebra/">
            <size>369</size>
            <score>652</score>
            <localnumber>834999</localnumber>
            <filename>sigla/sigla.mrc</filename>
          </idzebra>
        </record>
      </zs:recordData>
      <zs:recordPosition>239</zs:recordPosition>
    </zs:record>