
    <zs:record>
      <zs:recordPacking>xml</zs:recordPacking>
      <zs:recordData>
        <record xmlns="http://www.loc.gov/MARC21/slim">
          <leader>00458nz a2200109 4500</leader>
          <controlfield tag="001">30001541</controlfield>
          <controlfield tag="003">RISM</controlfield>
          <controlfield tag="005">20121108</controlfield>
          <controlfield tag="008">121108n||az|||||||##########||||||||||||</controlfield>
          <datafield tag="043" ind1=" " ind2=" ">
            <subfield code="c">United Kingdom</subfield>
          </datafield>
          <datafield tag="110" ind1="2" ind2=" ">
            <subfield code="a">Rowe Music Library, King's College, University of Cambridge</subfield>
            <subfield code="c">Cambridge</subfield>
            <subfield code="g">GB-Ckc</subfield>
          </datafield>
          <datafield tag="622" ind1=" " ind2=" ">
            <subfield code="e">Rowe Music Library, King's College,, University of Cambridge, King's Parade, Cambridge
              CB2 1ST, United Kingdom</subfield>
            <subfield code="u">http://www.kings.cam.ac.uk/library/special-collections.html#rowe</subfield>
          </datafield>
          <idzebra xmlns="http://www.indexdata.dk/zebra/">
            <size>458</size>
            <score>652</score>
            <localnumber>835088</localnumber>
            <filename>sigla/sigla.mrc</filename>
          </idzebra>
        </record>
      </zs:recordData>
      <zs:recordPosition>241</zs:recordPosition>
    </zs:record>