
    <zs:record>
      <zs:recordPacking>xml</zs:recordPacking>
      <zs:recordData>
        <record xmlns="http://www.loc.gov/MARC21/slim">
          <leader>00380nz a2200121 4500</leader>
          <controlfield tag="001">30001562</controlfield>
          <controlfield tag="003">RISM</controlfield>
          <controlfield tag="005">20121108</controlfield>
          <controlfield tag="008">121108n||az|||||||##########||||||||||||</controlfield>
          <datafield tag="043" ind1=" " ind2=" ">
            <subfield code="c">United Kingdom</subfield>
          </datafield>
          <datafield tag="110" ind1="2" ind2=" ">
            <subfield code="a">National Library of Scotland</subfield>
            <subfield code="c">Edinburgh</subfield>
            <subfield code="g">GB-En</subfield>
          </datafield>
          <datafield tag="622" ind1=" " ind2=" ">
            <subfield code="e">National Library of Scotland, George IV Bridge, Edinburgh EH1 1EW, Scotland, United
              Kingdom</subfield>
            <subfield code="u">http://www.nls.uk/</subfield>
          </datafield>
          <datafield tag="670" ind1="2" ind2=" ">
            <subfield code="a">721</subfield>
          </datafield>
          <idzebra xmlns="http://www.indexdata.dk/zebra/">
            <size>380</size>
            <score>652</score>
            <localnumber>835677</localnumber>
            <filename>sigla/sigla.mrc</filename>
          </idzebra>
        </record>
      </zs:recordData>
      <zs:recordPosition>257</zs:recordPosition>
    </zs:record>