
    <zs:record>
      <zs:recordPacking>xml</zs:recordPacking>
      <zs:recordData>
        <record xmlns="http://www.loc.gov/MARC21/slim">
          <leader>00418nz a2200121 4500</leader>
          <controlfield tag="001">30001654</controlfield>
          <controlfield tag="003">RISM</controlfield>
          <controlfield tag="005">20121108</controlfield>
          <controlfield tag="008">121108n||az|||||||##########||||||||||||</controlfield>
          <datafield tag="043" ind1=" " ind2=" ">
            <subfield code="c">United Kingdom</subfield>
          </datafield>
          <datafield tag="110" ind1="2" ind2=" ">
            <subfield code="a">Staffordshire Record Office</subfield>
            <subfield code="c">Stafford</subfield>
            <subfield code="g">GB-STA</subfield>
          </datafield>
          <datafield tag="622" ind1=" " ind2=" ">
            <subfield code="e">Staffordshire Record Office, Eastgate Street, Stafford ST16 2LZ, United
              Kingdom</subfield>
            <subfield code="u">http://www.staffordshire.gov.uk/leisure/archives/contact/sro/home.aspx</subfield>
          </datafield>
          <datafield tag="670" ind1="2" ind2=" ">
            <subfield code="a">69</subfield>
          </datafield>
          <idzebra xmlns="http://www.indexdata.dk/zebra/">
            <size>418</size>
            <score>652</score>
            <localnumber>836150</localnumber>
            <filename>sigla/sigla.mrc</filename>
          </idzebra>
        </record>
      </zs:recordData>
      <zs:recordPosition>283</zs:recordPosition>
    </zs:record>